@article{skare2003improved,
  title={Improved sampling-importance resampling and reduced bias importance sampling},
  author={Skare, {\O}ivind and B{\o}lviken, Erik and Holden, Lars},
  journal={Scandinavian Journal of Statistics},
  volume={30},
  number={4},
  pages={719--737},
  year={2003},
  publisher={Wiley Online Library}
}

@article{agapiou2017importance,
  title={Importance sampling: Intrinsic dimension and computational cost},
  author={Agapiou, Sergios and Papaspiliopoulos, Omiros and Sanz-Alonso, Daniel and Stuart, AM},
  journal={Statistical Science},
  pages={405--431},
  year={2017},
  publisher={JSTOR}
}

@article{akyildiz2021convergence,
  title={Convergence rates for optimised adaptive importance samplers},
  author={Akyildiz, {\"O}mer Deniz and M{\'\i}guez, Joaqu{\'\i}n},
  journal={Statistics and Computing},
  volume={31},
  number={2},
  pages={1--17},
  year={2021},
  publisher={Springer}
}

@article{douc2011sequential,
  title={Sequential Monte Carlo smoothing for general state space hidden Markov models},
  author={Douc, Randal and Garivier, Aur{\'e}lien and Moulines, Eric and Olsson, Jimmy and others},
  journal={Annals of Applied Probability},
  volume={21},
  number={6},
  pages={2109--2145},
  year={2011},
  publisher={Institute of Mathematical Statistics}
}

@article{buchholz2021adaptive,
  title={Adaptive tuning of {H}amiltonian {M}onte {C}arlo within {S}equential {M}onte {C}arlo},
  author={Buchholz, Alexander and Chopin, Nicolas and Jacob, Pierre E and others},
  journal={Bayesian Analysis},
  year={2021},
  publisher={International Society for Bayesian Analysis}
}


@techreport{tjelmeland2004using,
  title={Using all {M}etropolis--{H}astings proposals to estimate mean values},
  author={Tjelmeland, Hakon},
  year={2004}
}

@article{andrieu2018uniform,
  title={Uniform ergodicity of the iterated conditional {SMC} and geometric ergodicity of particle {G}ibbs samplers},
  author={Andrieu, Christophe and Lee, Anthony and Vihola, Matti and others},
  journal={Bernoulli},
  volume={24},
  number={2},
  pages={842--872},
  year={2018},
  publisher={Bernoulli Society for Mathematical Statistics and Probability}
}

@book{douc:moulines:priouret:2018,
    AUTHOR = {Douc, R. and Moulines, E. and Priouret, P. and
              Soulier, P.},
     TITLE = {{M}arkov {C}hains},
    SERIES = {Springer Series in Operations Research and Financial
              Engineering},
 PUBLISHER = {Springer, Cham},
      YEAR = {2018},
     PAGES = {xviii+757},
      ISBN = {978-3-319-97703-4; 978-3-319-97704-1},
   MRCLASS = {60J05 (60-02 60B10 60F05 60J10 60J22)},
  MRNUMBER = {3889011},
       DOI = {10.1007/978-3-319-97704-1},
       URL = {https://doi.org/10.1007/978-3-319-97704-1},
}


@article{cremer2017reinterpreting,
  title={Reinterpreting importance-weighted autoencoders},
  author={Cremer, Chris and Morris, Quaid and Duvenaud, David},
  journal={arXiv preprint arXiv:1704.02916},
  year={2017}
}


@article{tokdar2010importance,
  title={Importance sampling: a review},
  author={Tokdar, Surya T and Kass, Robert E},
  journal={Wiley Interdisciplinary Reviews: Computational Statistics},
  volume={2},
  number={1},
  pages={54--60},
  year={2010},
  publisher={Wiley Online Library}
}

@article{kingma2019introduction,
  title={An introduction to variational autoencoders},
  author={Kingma, Diederik P and Welling, Max},
  journal={arXiv preprint arXiv:1906.02691},
  year={2019}
}


@inproceedings{agakov2004auxiliary,
  title={An auxiliary variational method},
  author={Agakov, Felix V and Barber, David},
  booktitle={International Conference on Neural Information Processing},
  pages={561--566},
  year={2004},
  organization={Springer}
}

@article{lawson2019energy,
  title={Energy-inspired models: Learning with sampler-induced distributions},
  author={Lawson, Dieterich and Tucker, George and Dai, Bo and Ranganath, Rajesh},
  journal={arXiv preprint arXiv:1910.14265},
  year={2019}
}

@article{liu:1993,
author = { J. S. Liu },
title = {The Collapsed {G}ibbs Sampler in {B}ayesian Computations with Applications to a Gene Regulation Problem},
journal = {Journal of the American Statistical Association},
volume = {89},
number = {427},
pages = {958-966},
year  = {1994},
}

@article{rubin1987comment,
  title={Comment: A noniterative Sampling/Importance Resampling alternative to the data augmentation algorithm for creating a few imputations when fractions of missing information are modest: The {SIR} algorithm},
  author={Rubin, Donald B},
  journal={Journal of the American Statistical Association},
  volume={82},
  number={398},
  pages={542--543},
  year={1987},
  publisher={American Statistical Association}
}


@article{smith1992bayesian,
  title={Bayesian statistics without tears: a sampling--resampling perspective},
  author={Smith, Adrian FM and Gelfand, Alan E},
  journal={The American Statistician},
  volume={46},
  number={2},
  pages={84--88},
  year={1992},
  publisher={Taylor \& Francis}
}

@article{lindsten2015uniform,
  title={Uniform ergodicity of the particle {G}ibbs sampler},
  author={Lindsten, Fredrik and Douc, Randal and Moulines, \'Eric},
  journal={Scandinavian Journal of Statistics},
  volume={42},
  number={3},
  pages={775--797},
  year={2015},
  publisher={Wiley Online Library}
}
@article {andrieu:roberts:2009,
    AUTHOR = {Andrieu, Christophe and Roberts, Gareth O.},
     TITLE = {The pseudo-marginal approach for efficient {M}onte {C}arlo
              computations},
   JOURNAL = {Ann. Statist.},
  FJOURNAL = {The Annals of Statistics},
    VOLUME = {37},
      YEAR = {2009},
    NUMBER = {2},
     PAGES = {697--725},
}

@article{andrieu2010particle,
  title={Particle {M}arkov chain {M}onte {C}arlo methods},
  author={Andrieu, Christophe and Doucet, Arnaud and Holenstein, Roman},
  journal={Journal of the Royal Statistical Society: Series B (Statistical Methodology)},
  volume={72},
  number={3},
  pages={269--342},
  year={2010},
  publisher={Wiley Online Library}
}



@article{beaumont:2003,
  title={Estimation of population growth or decline in genetically monitored populations},
  author={Beaumont, M. A.},
  journal={Genetics},
  volume={164},
  number={3},
  pages={1139--1160},
  year={2003},
  publisher={Genetics Soc America}
}

@inproceedings{burda:grosse:2015,
  title={Importance weighted autoencoders},
  author={Burda, Yuri and Grosse, Roger and Salakhutdinov, Ruslan},
  booktitle={The 4th International Conference on Learning Representations (ICLR)},
  year={2016}
}

@inproceedings{caterini2018hamiltonian,
  title={Hamiltonian variational auto-encoder},
  author={Caterini, Anthony L and Doucet, Arnaud and Sejdinovic, Dino},
  booktitle={Advances in Neural Information Processing Systems},
  pages={8167--8177},
  year={2018}
}

@book{chenetal00,
  author = {Chen, Ming-Hui and Shao, Qi-Man and Ibrahim, Joseph G},
  title = {{M}onte {C}arlo Methods in {B}ayesian Computation},
  publisher = {Springer-Verlag},
  address = {New York},
  year = {2000}
}

@article{chib:1995,
  author        = "S. Chib",
  title         = "Marginal likelihood from the {G}ibbs output",
  journal       = {J. American Stat. Assoc.},
  year          = 1995,
  volume        = 90,
  pages         = {1313--1321}
}

@article{         chib:greenberg:1995,
  author        = "S. Chib and E. Greenberg",
  title         = "Understanding the {M}etropolis--{H}astings algorithm",
  journal       = ams,
  year          = 1995,
  volume        = 49,
  pages         = "327--335"
}

@article {chopin:robert:2010,
    AUTHOR = {Chopin, N. and Robert, C. P.},
     TITLE = {Properties of nested sampling},
   JOURNAL = {Biometrika},
  FJOURNAL = {Biometrika},
    VOLUME = {97},
      YEAR = {2010},
    NUMBER = {3},
     PAGES = {741--755},
}


@article{crooks1998nonequilibrium,
  title={Nonequilibrium measurements of free energy differences for microscopically reversible {M}arkovian systems},
  author={Crooks, Gavin E},
  journal={Journal of Statistical Physics},
  volume={90},
  number={5-6},
  pages={1481--1487},
  year={1998},
  publisher={Springer}
}


@article{cuendet2006statistical,
  title={Statistical mechanical derivation of {J}arzynskiâ€™s identity for thermostated non-{H}amiltonian dynamics},
  author={Cuendet, Michel A},
  journal={Physical Review Letters},
  volume={96},
  number={12},
  pages={120602},
  year={2006},
  publisher={APS}
}

@Article{del2006sequential,
    author = {Del Moral, P. and Doucet, A. and Jasra, A.},
    title = {{Sequential Monte Carlo samplers}},
    journal = {Journal of the Royal Statistical Society: Series B},
    year = {2006},
    volume = {68},
    pages = {411--436},
    number = {3}
}


@article{deligiannidis2018correlated,
  title={The correlated pseudomarginal method},
  author={Deligiannidis, George and Doucet, Arnaud and Pitt, Michael K},
  journal={Journal of the Royal Statistical Society: Series B (Statistical Methodology)},
  volume={80},
  number={5},
  pages={839--870},
  year={2018},
  publisher={Wiley Online Library}
}

@inproceedings{domke2018importance,
  title={Importance weighting and variational inference},
  author={Domke, Justin and Sheldon, Daniel R},
  booktitle={Advances in Neural Information Processing Systems},
  pages={4470--4479},
  year={2018}
}

@article{doucet2015efficient,
  title={Efficient implementation of {M}arkov chain {M}onte {C}arlo when using an unbiased likelihood estimator},
  author={Doucet, Arnaud and Pitt, Michael K and Deligiannidis, George and Kohn, Robert},
  journal={Biometrika},
  volume={102},
  number={2},
  pages={295--313},
  year={2015},
  publisher={Oxford University Press}
}

@article{duane1987hybrid,
  title={Hybrid {M}onte {C}arlo},
  author={Duane, Simon and Kennedy, Anthony D and Pendleton, Brian J and Roweth, Duncan},
  journal={Physics letters B},
  volume={195},
  number={2},
  pages={216--222},
  year={1987},
  publisher={Elsevier}}


@article{el2012bayesian,
  title={Bayesian inference with optimal maps},
  author={El Moselhy, Tarek A and Marzouk, Youssef M},
  journal={Journal of Computational Physics},
  volume={231},
  number={23},
  pages={7815--7850},
  year={2012},
  publisher={Elsevier}
}

@article{francca2019conformal,
  title={Conformal symplectic and relativistic optimization},
  author={Franca, Guilherme and Sulam, Jeremias and Robinson, Daniel P and Vidal, Ren{\'e}},
  journal={arXiv preprint arXiv:1903.04100},
  year={2019}
}


@article{gelman1998simulating,
  title={Simulating normalizing constants: From importance sampling to bridge sampling to path sampling},
  author={Gelman, Andrew and Meng, Xiao-Li},
  journal={Statistical Science},
  pages={163--185},
  year={1998}
}
@TechReport{      geyer:1993,
  author        = "C.J. Geyer",
  title         = "Estimating normalizing constants and reweighting mixtures
                  in {M}arkov chain {M}onte {C}arlo",
  institution   = "School of Statistics",
  year          = 1993,
  number        = 568,
  address       = "Univ. of Minnesota"
}
@article{gutmann:hyvarinen:2012,
author = {Gutmann, Michael U. and Hyv\"{a}rinen, Aapo},
title = {Noise-Contrastive Estimation of Unnormalized Statistical Models, with Applications to Natural Image Statistics},
year = {2012},
publisher = {JMLR.org},
volume = {13},
number = {1},
journal = {Journal of Machine Learning Research},
pages = {307-361},
numpages = {55},
}

@article{heng2017controlled,
  title={Controlled sequential {M}onte {C}arlo},
  author={Heng, Jeremy and Bishop, Adrian N and Deligiannidis, George and Doucet, Arnaud},
  journal={The Annals of Statistics, to appear. arXiv preprint arXiv:1708.08396},
  year={2020}
}

@inproceedings{huang2018improving,
  title={Improving explorability in variational inference with annealed variational objectives},
  author={Huang, Chin-Wei and Tan, Shawn and Lacoste, Alexandre and Courville, Aaron C},
  booktitle={Advances in Neural Information Processing Systems},
  pages={9701--9711},
  year={2018}
}

@inproceedings{huang2020evaluating,
	Author = {Huang, Sicong and Makhzani, Alireza and Cao, Yanshuai and Grosse, Roger},
	Booktitle = {International Conference on Machine Learning},
	Organization = {PMLR},
	Pages = {4444--4454},
	Title = {Evaluating lossy compression rates of deep generative models},
	Year = {2020}
}


@article{jarzynski1997nonequilibrium,
  title={Nonequilibrium equality for free energy differences},
  author={Jarzynski, Christopher},
  journal={Physical Review Letters},
  volume={78},
  number={14},
  pages={2690},
  year={1997},
  publisher={APS}
}

@article{jarzynski2002targeted,
  title={Targeted free energy perturbation},
  author={Jarzynski, C},
  journal={Physical Review E},
  volume={65},
  number={4},
  pages={046122},
  year={2002},
  publisher={APS}
}

@article{kappen2016adaptive,
  title={Adaptive importance sampling for control and inference},
  author={Kappen, Hilbert Johan and Ruiz, Hans Christian},
  journal={Journal of Statistical Physics},
  volume={162},
  number={5},
  pages={1244--1266},
  year={2016},
  publisher={Springer}
}

@article{         kong:etal:2003,
  author        = "A. Kong and P. McCullagh and X.-L. Meng and D. Nicolae and
                  Z. Tan",
  title         = "A Theory of Statistical Models for {M}onte {C}arlo
                  Integration (with discussion)",
  journal       = {Journal of the Royal Statistical Society (Series B)},
  year          = 2003,
  volume        = "65",
  number        = 3,
  pages         = "585-618"
}


@article{kingma:welling:2013,
  title={Auto-encoding variational {B}ayes},
  author={Kingma, Diederik P and Welling, Max},
  journal={arXiv preprint arXiv:1312.6114},
  year={2013}
}

@book {lelievre:rousset:stoltz:2010,
    AUTHOR = {Leli\`evre T., Rousset M. and Stoltz, G.},
     TITLE = {Free energy computations},
      NOTE = {A mathematical perspective},
 PUBLISHER = {Imperial College Press, London},
      YEAR = {2010},
     PAGES = {xiv+458},
      ISBN = {978-1-84816-247-1; 1-84816-247-2},
   MRCLASS = {82C80 (60H10 65C30 82C31)},
  MRNUMBER = {2681239},
MRREVIEWER = {Luc Rey-Bellet},
       DOI = {10.1142/9781848162488},
       URL = {https://doi.org/10.1142/9781848162488},
}

@inproceedings{levy:hoffman:sohl,
  author    = {Daniel Levy and
               Matthew D. Hoffman and
               Jascha Sohl{-}Dickstein},
  title     = {Generalizing {H}amiltonian {M}onte {C}arlo with Neural Networks},
  booktitle = {6th International Conference on Learning Representations, {ICLR} 2018,
               Vancouver, BC, Canada, April 30 - May 3, 2018, Conference Track Proceedings},
  publisher = {OpenReview.net},
  year      = {2018},
  url       = {https://openreview.net/forum?id=B1n8LexRZ},
  timestamp = {Thu, 25 Jul 2019 14:25:57 +0200},
  biburl    = {https://dblp.org/rec/conf/iclr/LevyHS18.bib},
  bibsource = {dblp computer science bibliography, https://dblp.org}
}

@article{craiu2007acceleration,
  title={Acceleration of the multiple-try Metropolis algorithm using antithetic and stratified sampling},
  author={Craiu, Radu V and Lemieux, Christiane},
  journal={Statistics and computing},
  volume={17},
  number={2},
  pages={109},
  year={2007},
  publisher={Springer}
}

@article{so2006bayesian,
  title={Bayesian analysis of nonlinear and non-Gaussian state space models via multiple-try sampling methods},
  author={So, Mike KP},
  journal={Statistics and Computing},
  volume={16},
  number={2},
  pages={125--141},
  year={2006},
  publisher={Springer}
}

@article{liu2000multiple,
  title={The multiple-try method and local optimization in Metropolis sampling},
  author={Liu, Jun S and Liang, Faming and Wong, Wing Hung},
  journal={Journal of the American Statistical Association},
  volume={95},
  number={449},
  pages={121--134},
  year={2000},
  publisher={Taylor \& Francis Group}
}

@article{li2019rate,
	Author = {Li, Qing and Chen, Yang},
	Journal = {IEEE Transactions on Communications},
	Number = {1},
	Pages = {456--465},
	Publisher = {IEEE},
	Title = {Rate Distortion via Deep Learning},
	Volume = {68},
	Year = {2019}}
	
@article{lin2000noisy,
  title={A noisy {M}onte {C}arlo algorithm},
  author={Lin, L and Liu, KF and Sloan, J},
  journal={Physical Review D},
  volume={61},
  number={7},
  pages={074505},
  year={2000},
  publisher={APS}
}

@article{maddison2018hamiltonian,
  title={Hamiltonian descent methods},
  author={Maddison, Chris J and Paulin, Daniel and Teh, Yee Whye and O'Donoghue, Brendan and Doucet, Arnaud},
  journal={arXiv preprint arXiv:1809.05042},
  year={2018}
}

@InProceedings{   marin:robert:2010,
  author        = "{J.-M.} Marin and {C.P.} Robert",
  title         = "Importance sampling methods for {B}ayesian discrimination
                  between embedded models",
  year          = 2011,
  booktitle     = "Frontiers of Statistical Decision Making and {B}ayesian
                  Analysis",
  editor        = {M.-H. Chen and D.K. Dey and P. M{\"u}ller and D. Sun and
                  K. Ye},
  pages         = {513-527},
  publisher     = {Springer},
}

@article{meng2002warp,
  title={Warp bridge sampling},
  author={Meng, Xiao-Li and Schilling, Stephen},
  journal={Journal of Computational and Graphical Statistics},
  volume={11},
  number={3},
  pages={552--586},
  year={2002},
  publisher={Taylor \& Francis}
}

@inproceedings{mnih2016variational,
  title={Variational inference for {M}onte {C}arlo objectives},
  author={Mnih, Andriy and Rezende, Danilo J},
  booktitle={International Conference on International Conference on Machine Learning},
  pages={2188â€“2196},
  year={2017}
}

@article{muller2018neural,
  title={Neural importance sampling},
  author={M{\"u}ller, Thomas and McWilliams, Brian and Rousselle, Fabrice and Gross, Markus and Nov{\'a}k, Jan},
  journal={ACM Transactions on Graphics},
  volume ={38},
  number={145},
  year={2019}
}

@ARTICLE{neal-annealed:2001,
    author = {Neal, R. M.},
    title = {Annealed importance sampling},
    journal = {Statistics and Computing},
    year = {2001},
    volume = {11},
    pages = {125-139},
    owner = {manxac}
}

@article{Neal2011,
  author = {Neal, R.M.},
  title = {{MCMC} Using {H}amiltonian Dynamics},
  journal ={Handbook of Markov chain Monte Carlo},
  year = 2011
}

@misc{neal2005hamiltonian,
  author = {Neal, Radford M},
  title={Hamiltonian importance sampling},
  howpublished = {\url{www.cs.toronto.edu/pub/radford/his-talk.ps}},
  year = {2005},
  note = {Talk presented at the Banff International Research Station (BIRS) workshop on Mathematical Issues in Molecular Dynamics}
}

@Article{         newton:raftery:1994,
  author        = "M.A. Newton and A.E. Raftery",
  title         = "Approximate {B}ayesian inference by the weighted
                  likelihood bootstrap (with discussion)",
  journal       = {Journal of the Royal Statistical Society: Series B (Statistical Methodology)},
  year          = 1994,
  volume        = 56,
  pages         = "1--48"
}

@article{owen:zhou:2000,
 author = {Art Owen and Yi Zhou},
 journal = {Journal of the American Statistical Association},
 number = {449},
 pages = {135--143},
 title = {Safe and Effective Importance Sampling},
 volume = {95},
 year = {2000}
}


@article{papamakarios2019normalizing,
  title={Normalizing Flows for Probabilistic Modeling and Inference},
  author={Papamakarios, George and Nalisnick, Eric and Rezende, Danilo Jimenez and Mohamed, Shakir and Lakshminarayanan, Balaji},
  journal={arXiv preprint arXiv:1912.02762},
  year={2019}
}

@article{prangle2019distilling,
  title={Distilling importance sampling},
  author={Prangle, Dennis},
  journal={arXiv preprint arXiv:1910.03632},
  year={2019}
}

@article{procacci2006crooks,
  title={Crooks equation for steered molecular dynamics using a {N}os{\'e}-{H}oover thermostat},
  author={Procacci, Piero and Marsili, Simone and Barducci, Alessandro and Signorini, Giorgio F and Chelli, Riccardo},
  journal={The Journal of Chemical Physics},
  volume={125},
  number={16},
  pages={164101},
  year={2006},
  publisher={American Institute of Physics}
}

@inproceedings{rezende2015variational,
  title={Variational Inference with Normalizing Flows},
  author={Rezende, Danilo and Mohamed, Shakir},
  booktitle={International Conference on Machine Learning},
  pages={1530--1538},
  year={2015}
}

@inproceedings{jia2020normalizing,
  title={Normalizing constant estimation with {G}aussianized bridge sampling},
  author={Jia, He and Seljak, Uros},
  booktitle={Symposium on Advances in Approximate Bayesian Inference},
  pages={1--14},
  year={2020},
  organization={PMLR}
}

@article{xiao2017fashion,
  title={Fashion-mnist: a novel image dataset for benchmarking machine learning algorithms},
  author={Xiao, Han and Rasul, Kashif and Vollgraf, Roland},
  journal={arXiv preprint arXiv:1708.07747},
  year={2017}
}



@article{rotskoff:vanden-eijden:2019,
  title={Dynamical Computation of the Density of States and {B}ayes Factors Using Nonequilibrium Importance Sampling},
  author={Rotskoff, G.M. and Vanden-Eijnden, E.},
  journal={Physical Review Letters},
  volume={122},
  number={15},
  pages={150602},
  year={2019},
  publisher={APS}
}

@inproceedings{salimans2015markov,
  title={Markov chain {M}onte {C}arlo and variational inference: Bridging the gap},
  author={Salimans, Tim and Kingma, Diederik and Welling, Max},
  booktitle={International Conference on Machine Learning},
  pages={1218--1226},
  year={2015}
}

@article{scholl2006proof,
  title={A proof of {J}arzynskiâ€™s nonequilibrium work theorem for dynamical systems that conserve the canonical distribution},
  author={Sch{\"o}ll-Paschinger, E and Dellago, Christoph},
  journal={The Journal of Chemical Physics},
  volume={125},
  number={5},
  pages={054105},
  year={2006},
  publisher={AIP}
}

@article{skilling2006nested,
  title={Nested sampling for general {B}ayesian computation},
  author={Skilling, John},
  journal={Bayesian Analysis},
  volume={1},
  number={4},
  pages={833--859},
  year={2006},
  publisher={International Society for Bayesian Analysis}
}

@article{siepmann1992configurational,
  title={Configurational bias {M}onte {C}arlo: a new sampling scheme for flexible chains},
  author={Siepmann, J{\"o}rn Ilja and Frenkel, Daan},
  journal={Molecular Physics},
  volume={75},
  number={1},
  pages={59--70},
  year={1992},
  publisher={Taylor \& Francis}
}

@article{tabak2010density,
  title={Density estimation by dual ascent of the log-likelihood},
  author={Tabak, Esteban G and Vanden-Eijnden, Eric and others},
  journal={Communications in Mathematical Sciences},
  volume={8},
  number={1},
  pages={217--233},
  year={2010},
  publisher={International Press of Boston}
}

@article{wu2020stochastic,
  title={Stochastic Normalizing Flows},
  author={Wu, Hao and K{\"o}hler, Jonas and No{\'e}, Frank},
  journal={arXiv preprint arXiv:2002.06707},
  year={2020}
}

@article{vandyk:park:2008,
author = {D. A. van Dyk and T. Park},
title = {Partially Collapsed {G}ibbs Samplers},
journal = {Journal of the American Statistical Association},
volume = {103},
number = {482},
pages = {790-796},
year  = {2008}
}

@article{bingham2019pyro,
  title={Pyro: Deep universal probabilistic programming},
  author={Bingham, Eli and Chen, Jonathan P and Jankowiak, Martin and Obermeyer, Fritz and Pradhan, Neeraj and Karaletsos, Theofanis and Singh, Rohit and Szerlip, Paul and Horsfall, Paul and Goodman, Noah D},
  journal={The Journal of Machine Learning Research},
  volume={20},
  number={1},
  pages={973--978},
  year={2019},
  publisher={JMLR. org}
}

@book{hallheydebook,
    Author = {Hall, P. and Heyde, C.},
    Publisher = {Academic Press},
    Title = {Martingale Limit Theory and Its Application},
    Year = {1980}} 

@article{wirnsberger2020targeted,
  title={Targeted free energy estimation via learned mappings},
  author={Wirnsberger, Peter and Ballard, Andrew J and Papamakarios, George and Abercrombie, Stuart and Racani{\`e}re, S{\'e}bastien and Pritzel, Alexander and Rezende, Danilo Jimenez and Blundell, Charles},
  journal={arXiv preprint arXiv:2002.04913},
  year={2020}
}

@article{tierney:1994,
author = {Tierney, Luke},
doi = {10.1214/aos/1176325750},
journal = {The Annals of Statistics},
keywords = { Gibbs sampler, Metropolis-Hastings algorithm, Monte Carlo, variance reduction,62-04},
number = {4},
pages = {1701--1728},
publisher = {Institute of Mathematical Statistics},
title = {{Markov Chains for Exploring Posterior Distributions}},
url = {https://doi.org/10.1214/aos/1176325750},
volume = {22},
year = {1994}
}


@article{zhou2016toward,
  title={Toward automatic model comparison: an adaptive sequential {M}onte {C}arlo approach},
  author={Zhou, Yan and Johansen, Adam M and Aston, John AD},
  journal={Journal of Computational and Graphical Statistics},
  volume={25},
  number={3},
  pages={701--726},
  year={2016},
  publisher={Taylor \& Francis}
}

@article{ding2019learning,
  title={Learning Deep Generative Models with Annealed Importance Sampling},
  author={Ding, Xinqiang and Freedman, David J},
  journal={arXiv preprint arXiv:1906.04904},
  year={2019}
}

@article{liu2018large,
  title={Large-scale celebfaces attributes (celeba) dataset},
  author={Liu, Ziwei and Luo, Ping and Wang, Xiaogang and Tang, Xiaoou},
  journal={Retrieved August},
  volume={15},
  number={2018},
  pages={11},
  year={2018}
}

@article{che:bengio:2020,
  title={Your {GAN} is Secretly an Energy-based Model and You Should use Discriminator Driven Latent Sampling},
  author={Che, Tong and Zhang, Ruixiang and Sohl-Dickstein, Jascha and Larochelle, Hugo and Paull, Liam and Cao, Yuan and Bengio, Yoshua},
  journal={arXiv preprint arXiv:2003.06060},
  year={2020}
}

@inproceedings{turner:hung:2019,
  title={Metropolis-{H}astings generative adversarial networks},
  author={Turner, Ryan and Hung, Jane and Frank, Eric and Saatchi, Yunus and Yosinski, Jason},
  booktitle={International Conference on Machine Learning},
  pages={6345--6353},
  year={2019},
  organization={PMLR}
}



@InProceedings{pmlr-v37-rezende15,
  author    = {Danilo Rezende and Shakir Mohamed},
  title     = {Variational Inference with Normalizing Flows},
  booktitle = {Proceedings of the 32nd International Conference on Machine Learning},
  year      = {2015},
  editor    = {Francis Bach and David Blei},
  volume    = {37},
  series    = {Proceedings of Machine Learning Research},
  pages     = {1530--1538},
  address   = {Lille, France},
  month     = {07--09 Jul},
  publisher = {PMLR}
}

@article{wu:burda:grosse:2016,
  title={On the quantitative analysis of decoder-based generative models},
  author={Wu, Yuhuai and Burda, Yuri and Salakhutdinov, Ruslan and Grosse, Roger},
  journal={arXiv preprint arXiv:1611.04273},
  year={2016}
}

@article{shestopaloff:neal:2018,
  title={Sampling latent states for high-dimensional non-linear state space models with the embedded HMM method},
  author={Shestopaloff, Alexander Y and Neal, Radford M and others},
  journal={Bayesian Analysis},
  volume={13},
  number={3},
  pages={797--822},
  year={2018},
  publisher={International Society for Bayesian Analysis}
}


@article{grosse2015sandwiching,
  title={Sandwiching the marginal likelihood using bidirectional {M}onte {C}arlo},
  author={Grosse, Roger B and Ghahramani, Zoubin and Adams, Ryan P},
  journal={arXiv preprint arXiv:1511.02543},
  year={2015}
}
@article{hoffman2014no,
  title={The No-U-Turn sampler: adaptively setting path lengths in Hamiltonian Monte Carlo.},
  author={Hoffman, Matthew D and Gelman, Andrew},
  journal={J. Mach. Learn. Res.},
  volume={15},
  number={1},
  pages={1593--1623},
  year={2014}
}

@unpublished{brehier:ode:2016,
  TITLE = {{Introduction to numerical methods for Ordinary Differential Equations}},
  AUTHOR = {Br{\'e}hier, Charles-Edouard},
  URL = {https://hal.archives-ouvertes.fr/cel-01484274},
  NOTE = {Lecture - Cours donnÃ© Ã  Pristina (Kosovo), en dÃ©cembre 2016, dans le cadre de l'Ã©cole de recherche Franco-Kosovarde en MathÃ©matiques},
  TYPE = {Licence},
  ADDRESS = {Pristina, Kosovo, Serbia},
  YEAR = {2016},
  MONTH = Dec,
  PDF = {https://hal.archives-ouvertes.fr/cel-01484274/file/Num_ODE.pdf},
  HAL_ID = {cel-01484274},
  HAL_VERSION = {v1},
}



@article{carpenter2017stan,
  title={Stan: a probabilistic programming language.},
  author={Carpenter, Bob and Gelman, Andrew and Hoffman, Matthew D and Lee, Daniel and Goodrich, Ben and Betancourt, Michael and Brubaker, Marcus A and Guo, Jiqiang and Li, Peter and Riddell, Allen},
  journal={Grantee Submission},
  volume={76},
  number={1},
  pages={1--32},
  year={2017},
  publisher={ERIC}
}


@article{ruiz:titsias:doucet:2020,
  title={Unbiased Gradient Estimation for Variational Auto-Encoders using Coupled {M}arkov Chains},
  author={Ruiz, Francisco JR and Titsias, Michalis K and Cemgil, Taylan and Doucet, Arnaud},
  journal={arXiv preprint arXiv:2010.01845},
  year={2020}
}

@book{Har_1982,
	author = "Hartman, P.",
	isbn = "9780898719222",
	publisher = "Society for Industrial and Applied Mathematics (SIAM, 3600 Market Street, Floor 6, Philadelphia, PA 19104)",
	series = "{Classics in Applied Mathematics}",
	title = "{Ordinary Differential Equations: Second Edition}",
	url = "https://books.google.fr/books?id=NEkkJ93O9okC",
	year = "1982"
}
